@article{behnel2011cython,
  title={Cython: The best of both worlds},
  author={Behnel, Stefan and Bradshaw, Robert and Citro, Craig
          and Dalcin, Lisandro and Seljebotn, Dag Sverre and Smith, Kurt},
  journal={Computing in Science \& Engineering},
  volume={13},
  number={2},
  pages={31--39},
  year={2011},
  publisher={IEEE}
}

@article{bergstra2012,
  title={Random Search for Hyper-Parameter Optimization},
  author={James Bergstra and Joshua Bengio},
  journal={J. Machine Learning Research},
  volume=13,
  year=2012,
  pages={281--305},
}

@article{bezanson2012julia,
  author    = {Jeff Bezanson and
               Stefan Karpinski and
               Viral B. Shah and
               Alan Edelman},
  title     = {Julia: A Fast Dynamic Language for Technical Computing},
  journal   = {CoRR},
  volume    = {abs/1209.5145},
  year      = {2012},
  ee        = {http://arxiv.org/abs/1209.5145},
  bibsource = {DBLP, http://dblp.uni-trier.de}
}

@inproceedings{bolz2009tracing,
  title={Tracing the meta-level: {PyPy}'s tracing {JIT} compiler},
  author={Bolz, Carl Friedrich and Cuni, Antonio and Fijalkowski, Maciej and Rigo, Armin},
  booktitle={Proc. 4th Workshop on the Implementation, Compilation, Optimization
  			 of Object-Oriented Languages and Programming Systems},
  pages={18--25},
  year={2009},
  organization={ACM}
}

@article{chang2011libsvm,
  title={{LIBSVM}: a library for support vector machines},
  author={Chang, Chih-Chung and Lin, Chih-Jen},
  journal={ACM Trans. on Intelligent Systems and Technology (TIST)},
  volume={2},
  number={3},
  pages={27},
  year={2011},
}

@article{dagum1998openmp,
  title={{OpenMP}: an industry standard {API} for shared-memory programming},
  author={Dagum, Leonardo and Menon, Ramesh},
  journal={Computational Science \& Engineering},
  volume={5},
  number={1},
  pages={46--55},
  year={1998},
  publisher={IEEE}
}

@book{elemstatlearn,
  title={The Elements of Statistical Learning},
  author={Trevor Hastie and Robert Tibshirani and Jerome Friedman},
  publisher={Springer},
  year={2009},
}

@article{fan2008,
  title={{LIBLINEAR}: A library for large linear classification},
  author={Rong-En Fan and Kai-Wei Chang and Cho-Jui Hsieh
          and Xiang-Rui Wang and Chih-Jen Lin},
  journal={J. Machine Learning Research},
  volume=9,
  year=2008,
  pages={1871--1874},
}

@article{hall2009weka,
  title={The {WEKA} data mining software: an update},
  author={Hall, Mark and Frank, Eibe and Holmes, Geoffrey and
          Pfahringer, Bernhard and Reutemann, Peter and Witten, Ian H.},
  journal={ACM SIGKDD Explorations Newsletter},
  volume={11},
  number={1},
  pages={10--18},
  year={2009},
}

@inproceedings{li2010random,
  title={Random {F}ourier approximations for skewed multiplicative histogram kernels},
  author={Li, Fuxin and Ionescu, Catalin and Sminchisescu, Cristian},
  booktitle={Proc. 32nd DAGM Conf. on Pattern Recognition},
  pages={262--271},
  year={2010},
  publisher={Springer}
}

@article{pedregosa2011,
  title={Scikit-learn: Machine Learning in {P}ython},
  author={Pedregosa, F. and Varoquaux, G. and Gramfort, A. and Michel, V.
          and Thirion, B. and Grisel, O. and Blondel, M. and Prettenhofer, P.
          and Weiss, R. and Dubourg, V. and Vanderplas, J. and Passos, A.
          and Cournapeau, D. and Brucher, M. and Perrot, M. and Duchesnay, E.},
  journal={J. Machine Learning Research},
  volume={12},
  pages={2825--2830},
  year={2011},
}

@article{perez2007ipython,
  title={{IPython}: a system for interactive scientific computing},
  author={Perez, Fernando and Granger, Brian E.},
  journal={Computing in Science \& Engineering},
  volume={9},
  number={3},
  pages={21--29},
  year={2007},
  publisher={IEEE}
}

@misc{pythontut,
  author={{\VAN{Rossum}{Van}{van}} Rossum, Guido},
  publisher={Python Software Foundation},
  title={The {P}ython Tutorial},
  url={http://docs.python.org/2/tutorial/classes.html},
  year=2013
}

@inproceedings{rahimi2007random,
  title={Random features for large-scale kernel machines},
  author={Rahimi, Ali and Recht, Benjamin},
  booktitle={Advances in Neural Information Processing Systems},
  volume={20},
  pages={1177--1184},
  year={2007}
}

@inproceedings{rehurek2010gensim,
  title={Software framework for topic modelling with large corpora},
  author = {Radim {\v R}eh{\r u}{\v r}ek and Petr Sojka},
  booktitle={Proc. LREC Workshop on New Challenges for NLP Frameworks},
  pages={46--50},
  year={2010},
}

@article{Schreiber:2007,
  author={Schreiber, Rob},
  title= {{MATLAB}},
  year= 2007,
  journal=Scholarpedia,
  volume=2,
  number=7,
  pages=2929
}

@inproceedings{sculley2010web,
  title={Web-scale $k$-means clustering},
  author={Sculley, D.},
  booktitle={Proc. 19th Int'l WWW Conf.},
  pages={1177--1178},
  year={2010},
}

@inproceedings{trancon2012r,
  title={The Functional Programming Language {R}
         and the Paradigm of Dynamic~Scientific Programming},
  author={Baltasar {Trancon y Widemann} and Carl Friedrich Bolz and Clemens Grelck},
  booktitle={Proc. 13th Int'l Symp. on Trends in Functional Programming},
  editor={Kevin Hammond and Hans-Wolfgang Loidl},
  year=2012
}

@article{vanderwalt2011,
  title={The {NumPy} array: a structure for efficient numerical computation},
  author={{\VAN{Walt}{Van der}{van der}} Walt, St\'efan
          and Colbert, S. Chris and Varoquaux, Ga\"el},
  journal={Computing in Science \& Engineering},
  volume={13},
  number={2},
  pages={22--30},
  year={2011},
  publisher={IEEE}
}

@misc{varoquaux2013scipy,
  title={Python Scientific Lecture Notes},
  author={Valentin Haenel and Emmanuelle Gouillart and Ga\"el Varoquaux},
  year=2013,
  url={http://scipy-lectures.github.io/}
}

@inproceedings{vedaldi2010efficient,
  title={Efficient additive kernels via explicit feature maps},
  author={Vedaldi, Andrea and Zisserman, Andrew},
  booktitle={IEEE Conf. on Computer Vision and Pattern Recognition (CVPR)},
  pages={3539--3546},
  year={2010},
}

@inproceedings{weinberger2009,
  title={Feature Hashing for Large Scale Multitask Learning},
  author={Kilian Weinberger and Anirban Dasgupta and John Langford
          and Alex Smola and Josh Attenberg},
  booktitle={Proc. ICML},
  year={2009},
}
